@inproceedings{kjernsmo_lapis_2012,
  month = may,
  year = 2012,
  booktitle = {Proceedings of the First Linked APIs workshop at the Ninth Extended Semantic Web Conference},
  title = {The necessity of hypermedia RDF and an approach to achieve it},
  author = {Kjernsmo, Kjetil},
  url = {http://lapis2012.linkedservices.org/papers/1.pdf},
}