@inproceedings{Lin:2011:LRB:2063016.2063042,
 author = {Lin, Harris T. and Koul, Neeraj and Honavar, Vasant},
 title = {Learning relational bayesian classifiers from RDF data},
 booktitle = {Proceedings of the 10th international conference on The semantic web - Volume Part I},
 series = {ISWC'11},
 year = {2011},
 isbn = {978-3-642-25072-9},
 location = {Bonn, Germany},
 pages = {389--404},
 numpages = {16},
 url = {http://dl.acm.org/citation.cfm?id=2063016.2063042},
 acmid = {2063042},
 publisher = {Springer-Verlag},
 address = {Berlin, Heidelberg},
} 

@book{srlbook,
 author = {Getoor, Lise and Taskar, Ben},
 title = {Introduction to Statistical Relational Learning},
 year = {2007},
 publisher = {The MIT Press},
} 

