@inproceedings{Stocker:2008:SBG:1367497.1367578,
 author = {Stocker, Markus and Seaborne, Andy and Bernstein, Abraham and Kiefer, Christoph and Reynolds, Dave},
 title = {SPARQL basic graph pattern optimization using selectivity estimation},
 booktitle = {Proceeding of the 17th international conference on World Wide Web},
 series = {WWW '08},
 year = {2008},
 isbn = {978-1-60558-085-2},
 location = {Beijing, China},
 pages = {595--604},
 numpages = {10},
 url = {http://doi.acm.org/10.1145/1367497.1367578},
 doi = {http://doi.acm.org/10.1145/1367497.1367578},
 acmid = {1367578},
 publisher = {ACM},
 address = {New York, NY, USA},
 keywords = {SPARQL, query optimization, selectivity estimation},
} 



@article{Weiss:2008:HSI:1453856.1453965,
 author = {Weiss, Cathrin and Karras, Panagiotis and Bernstein, Abraham},
 title = {Hexastore: sextuple indexing for semantic web data management},
 journal = {Proc. VLDB Endow.},
 issue_date = {August 2008},
 volume = {1},
 issue = {1},
 month = {August},
 year = {2008},
 issn = {2150-8097},
 pages = {1008--1019},
 numpages = {12},
 url = {http://dx.doi.org/10.1145/1453856.1453965},
 doi = {http://dx.doi.org/10.1145/1453856.1453965},
 acmid = {1453965},
 publisher = {VLDB Endowment},
} 
