@misc{btc-2014,
  author = {Tobias K{\"a}fer and Andreas Harth},
  title = {{Billion Triples Challenge} data set},
  howpublished = {Downloaded from http://km.aifb.kit.edu/projects/btc-2014/},
  year = 2014,
}

@article{lov2,
author = {Baker, Thomas and Vandenbussche, Pierre-Yves and Vatant, Bernard},
title = {Requirements for vocabulary preservation and governance},
journal = {Library Hi Tech},
volume = {31},
number = {4},
pages = {657-668},
year = {2013}
}

@unpublished{eps385344,
           title = {USEWOD 2016 Research Dataset},
          author = {Markus Luczak-Roesch and Saud Aljaloud and Bettina Berendt and Laura Hollink},
       publisher = {University of Southampton},
            year = {2016},
        keywords = {Linked Data, usage analysis, log files},
             url = {http://eprints.soton.ac.uk/385344/},
        abstract = {The USEWOD 2016 research dataset is a collection of usage data from Web of Data sources, which have been collected in 2015. It covers sources such as DBpedia, the Linked Data Fragments interface to DBpedia as well as Wikidata page views.}
}

