@inproceedings{dyldo2,
  author    = {Tobias K{\"{a}}fer and
               Ahmed Abdelrahman and
               J{\"{u}}rgen Umbrich and
               Patrick O'Byrne and
               Aidan Hogan},
  title     = {Observing Linked Data Dynamics},
  booktitle = {The Semantic Web: Semantics and Big Data, 10th International Conference,
               {ESWC} 2013, Montpellier, France, May 26-30, 2013. Proceedings},
  pages     = {213--227},
  year      = {2013},
  url       = {http://dx.doi.org/10.1007/978-3-642-38288-8_15},
  doi       = {10.1007/978-3-642-38288-8_15},
  timestamp = {Thu, 23 May 2013 13:26:25 +0200},
  biburl    = {http://dblp.uni-trier.de/rec/bib/conf/esws/KaferAUOH13},
  bibsource = {dblp computer science bibliography, http://dblp.org}
}

@inproceedings{kaseicache,
  author    = {Gregory Todd Williams and
               Jesse Weaver},
  title     = {Enabling Fine-Grained {HTTP} Caching of {SPARQL} Query Results},
  booktitle = {The Semantic Web - {ISWC} 2011 - 10th International Semantic Web Conference,
               Bonn, Germany, October 23-27, 2011, Proceedings, Part {I}},
  pages     = {762--777},
  year      = {2011},
  url       = {http://dx.doi.org/10.1007/978-3-642-25073-6_48},
  doi       = {10.1007/978-3-642-25073-6_48},
  timestamp = {Wed, 19 Oct 2011 14:01:40 +0200},
  biburl    = {http://dblp.uni-trier.de/rec/bib/conf/semweb/WilliamsW11},
  bibsource = {dblp computer science bibliography, http://dblp.org}
}

@inproceedings{sparqlproxy,
  author    = {Michael Martin and
               J{\"{o}}rg Unbehauen and
               S{\"{o}}ren Auer},
  title     = {Improving the Performance of Semantic Web Applications with {SPARQL}
               Query Caching},
  booktitle = {The Semantic Web: Research and Applications, 7th Extended Semantic
               Web Conference, {ESWC} 2010, Heraklion, Crete, Greece, May 30 - June
               3, 2010, Proceedings, Part {II}},
  pages     = {304--318},
  year      = {2010},
  url       = {http://dx.doi.org/10.1007/978-3-642-13489-0_21},
  doi       = {10.1007/978-3-642-13489-0_21},
  timestamp = {Tue, 08 Jun 2010 16:23:22 +0200},
  biburl    = {http://dblp.uni-trier.de/rec/bib/conf/esws/MartinUA10},
  bibsource = {dblp computer science bibliography, http://dblp.org}
}

@inproceedings{yang2011caching,
  title={Caching intermediate result of {SPARQL} queries},
  author={Yang, Mengdong and Wu, Gang},
  booktitle={Proceedings of the 20th international conference companion on World wide web},
  pages={159--160},
  year={2011},
  organization={ACM}
}


@inproceedings{umbrich2012hybrid,
 author = {Umbrich, J\"{u}rgen and Karnstedt, Marcel and Hogan, Aidan and Parreira, Josiane Xavier},
 title = {{Hybrid SPARQL Queries: Fresh vs. Fast Results}},
 booktitle = {Proceedings of the 11th International Conference on The Semantic Web - Volume Part I},
 series={Lecture Notes in Computer Science},
 year = {2012},
 isbn = {978-3-642-35175-4},
 location = {Boston, MA},
 pages = {608--624},
 numpages = {17},
 url = {http://dx.doi.org/10.1007/978-3-642-35176-1_38},
 doi = {10.1007/978-3-642-35176-1_38},
 acmid = {2426555},
 publisher = {Springer-Verlag},
 address = {Berlin, Heidelberg},
} 



@incollection{lampo2011cache,
  title={To cache or not to cache: The effects of warming cache in complex {SPARQL} queries},
  author={Lampo, Tomas and Vidal, Mar{\'\i}a-Esther and Danilow, Juan and Ruckhaus, Edna},
  booktitle={On the Move to Meaningful Internet Systems: OTM 2011},
  pages={716--733},
  year={2011},
  publisher={Springer}
}

@inproceedings{ager2010revisiting,
  title={Revisiting cacheability in times of user generated content},
  author={Ager, Bernhard and Schneider, Fabian and Kim, Juhoon and Feldmann, Anja},
  booktitle={INFOCOM IEEE Conference on Computer Communications Workshops, 2010},
  pages={1--6},
  year={2010},
  organization={IEEE}
}

@InProceedings{buil2013sparql,
author="Buil-Aranda, Carlos
and Hogan, Aidan
and Umbrich, J{\"u}rgen
and Vandenbussche, Pierre-Yves",
editor="Alani, Harith
and Kagal, Lalana
and Fokoue, Achille
and Groth, Paul
and Biemann, Chris
and Parreira, Josiane Xavier
and Aroyo, Lora
and Noy, Natasha
and Welty, Chris
and Janowicz, Krzysztof",
title="SPARQL Web-Querying Infrastructure: Ready for Action?",
bookTitle="The Semantic Web -- ISWC 2013: 12th International Semantic Web Conference, Sydney, NSW, Australia, October 21-25, 2013, Proceedings, Part II",
year="2013",
publisher="Springer Berlin Heidelberg",
address="Berlin, Heidelberg",
pages="277--293",
isbn="978-3-642-41338-4",
doi="10.1007/978-3-642-41338-4_18",
url="http://dx.doi.org/10.1007/978-3-642-41338-4_18"
}


@inproceedings{stateoflod2014,
year={2014},
isbn={978-3-319-11963-2},
booktitle={The Semantic Web – ISWC 2014},
volume={8796},
series={Lecture Notes in Computer Science},
editor={Mika, Peter and Tudorache, Tania and Bernstein, Abraham and Welty, Chris and Knoblock, Craig and Vrandečić, Denny and Groth, Paul and Noy, Natasha and Janowicz, Krzysztof and Goble, Carole},
doi={10.1007/978-3-319-11964-9_16},
title={Adoption of the Linked Data Best Practices in Different Topical Domains},
url={http://dx.doi.org/10.1007/978-3-319-11964-9_16},
publisher={Springer International Publishing},
keywords={Linked Open Data; Web of Linked Data; Best Practices},
author={Schmachtenberg, Max and Bizer, Christian and Paulheim, Heiko},
pages={245-260},
language={English}
}

@inproceedings{auer2012lodstats,
 author = {Auer, S\"{o}ren and Demter, Jan and Martin, Michael and Lehmann, Jens},
 title = {LODStats --- an Extensible Framework for High-performance Dataset Analytics},
 booktitle = {Proceedings of the 18th International Conference on Knowledge Engineering and Knowledge Management},
 series = {EKAW'12},
 year = {2012},
 isbn = {978-3-642-33875-5},
 location = {Galway City, Ireland},
 pages = {353--362},
 numpages = {10},
 url = {http://dx.doi.org/10.1007/978-3-642-33876-2_31},
 doi = {10.1007/978-3-642-33876-2_31},
 acmid = {2413982},
 publisher = {Springer-Verlag},
 address = {Berlin, Heidelberg},
} 


@InProceedings{Dividino2015,
author="Dividino, Renata
and Gottron, Thomas
and Scherp, Ansgar",
editor="Arenas, Marcelo
and Corcho, Oscar
and Simperl, Elena
and Strohmaier, Markus
and d'Aquin, Mathieu
and Srinivas, Kavitha
and Groth, Paul
and Dumontier, Michel
and Heflin, Jeff
and Thirunarayan, Krishnaprasad
and Staab, Steffen",
chapter="Strategies for Efficiently Keeping Local Linked Open Data Caches Up-To-Date",
title="The Semantic Web - ISWC 2015: 14th International Semantic Web Conference, Bethlehem, PA, USA, October 11-15, 2015, Proceedings, Part II",
year="2015",
publisher="Springer International Publishing",
address="Cham",
pages="356--373",
isbn="978-3-319-25010-6",
doi="10.1007/978-3-319-25010-6_24",
url="http://dx.doi.org/10.1007/978-3-319-25010-6_24"
}

