@article{lov2,
author = {Greenberg, Eva Mendez Rodriguez and Gema Bueno de la Fuente, Jane and Baker, Thomas and Vandenbussche, Pierre-Yves and Vatant, Bernard},
title = {Requirements for vocabulary preservation and governance},
journal = {Library Hi Tech},
volume = {31},
number = {4},
pages = {657-668},
year = {2013}
}

