@incollection {springerlink:10.1007/978-3-642-21064-8_1,
   author = {Buil-Aranda, Carlos and Arenas, Marcelo and Corcho, Oscar},
   affiliation = {Ontology Engineering Group, Facultad de Informática, UPM, Spain},
   title = {Semantics and Optimization of the SPARQL 1.1 Federation Extension},
   booktitle = {The Semanic Web: Research and Applications},
   series = {Lecture Notes in Computer Science},
   editor = {Antoniou, Grigoris and Grobelnik, Marko and Simperl, Elena and Parsia, Bijan and Plexousakis, Dimitris and De Leenheer, Pieter and Pan, Jeff},
   publisher = {Springer Berlin / Heidelberg},
   isbn = {978-3-642-21063-1},
   keyword = {Computer Science},
   pages = {1-15},
   volume = {6644},
   url = {http://dx.doi.org/10.1007/978-3-642-21064-8_1},
   note = {10.1007/978-3-642-21064-8_1},
   year = {2011}
}

@INPROCEEDINGS{5337556,
author={Langegger, A. and Woss, W.},
booktitle={Database and Expert Systems Application, 2009. DEXA '09. 20th International Workshop on},
title={RDFStats - An Extensible RDF Statistics Generator and Library},
year={2009},
month={31 2009-sept. 4},
volume={},
number={},
pages={79 -83},
keywords={API;HP labs Bristol;Jena;RDF documents;RDF statistics generator;RDF statistics library;RDFStats;SPARQL endpoints;Semantic Web Integrator and Query Engine;Semantic Web applications;University of Linz;estimation functions;statistics;application program interfaces;semantic Web;statistics;},
doi={10.1109/DEXA.2009.25},
ISSN={1529-4188},}


@inproceedings{Schmidt:2011:FBS:2063016.2063054,
 author = {Schmidt, Michael and G\"{o}rlitz, Olaf and Haase, Peter and Ladwig, G\"{u}nter and Schwarte, Andreas and Tran, Thanh},
 title = {FedBench: a benchmark suite for federated semantic data query processing},
 booktitle = {Proceedings of the 10th international conference on The semantic web - Volume Part I},
 series = {ISWC'11},
 year = {2011},
 isbn = {978-3-642-25072-9},
 location = {Bonn, Germany},
 pages = {585--600},
 numpages = {16},
 url = {http://dl.acm.org/citation.cfm?id=2063016.2063054},
 acmid = {2063054},
 publisher = {Springer-Verlag},
 address = {Berlin, Heidelberg},
} 

