@misc{hypermediatypes,
author = {Amundsen, Mike},
title = {{Hypermedia Types}},
howpublished = {\url{http://amundsen.com/hypermedia/}},
year = {2010}
}

@misc{nordfapi,
author = {Amundsen, Mike},
title = {{API for RDF? don't do it!}},
howpublished = {\url{http://amundsen.com/blog/archives/1083}},
year = {2010}
}

@misc{hypermediascale,
author = {Bjorg, Steve},
title = {{The Hypermedia Scale}},
howpublished = {\url{http://restpatterns.org/Articles/The\_Hypermedia\_Scale}},
year = {2009}
}

@inproceedings{ldf1,
  author    = {Ruben Verborgh and
               Miel Vander Sande and
               Pieter Colpaert and
               Sam Coppens and
               Erik Mannens and
               Rik Van de Walle},
  title     = {Web-Scale Querying through Linked Data Fragments},
  booktitle = {Proceedings of the Workshop on Linked Data on the Web co-located with
               the 23rd International World Wide Web Conference {(WWW} 2014), Seoul,
               Korea, April 8, 2014.},
  year      = {2014},
  url       = {http://ceur-ws.org/Vol-1184/ldow2014_paper_04.pdf},
  timestamp = {Fri, 15 Aug 2014 10:33:04 +0200},
  biburl    = {http://dblp.uni-trier.de/rec/bib/conf/www/VerborghSCCMW14},
  bibsource = {dblp computer science bibliography, http://dblp.org}
}

@incollection{verborgh2014querying,
  title={Querying datasets on the web with high availability},
  author={Verborgh, Ruben and Hartig, Olaf and De Meester, Ben and Haesendonck, Gerald and De Vocht, Laurens and Vander Sande, Miel and Cyganiak, Richard and Colpaert, Pieter and Mannens, Erik and Van de Walle, Rik},
  booktitle={The Semantic Web--ISWC 2014},
  pages={180--196},
  year={2014},
  publisher={Springer}
}
