@inproceedings{Schmidt:2010:FSQ:1804669.1804675,
 author = {Schmidt, Michael and Meier, Michael and Lausen, Georg},
 title = {Foundations of {SPARQL} query optimization},
 booktitle = {Proceedings of the 13th International Conference on Database Theory},
 series = {ICDT '10},
 year = {2010},
 isbn = {978-1-60558-947-3},
 location = {Lausanne, Switzerland},
 pages = {4--33},
 numpages = {30},
 url = {http://doi.acm.org/10.1145/1804669.1804675},
 doi = {http://doi.acm.org/10.1145/1804669.1804675},
 acmid = {1804675},
 publisher = {ACM},
 address = {New York, NY, USA},
 keywords = {RDF, SPARQL, SPARQL algebra, complexity, query optimization, semantic query optimization},
} 

@inproceedings{hogan2014paths,
  title={Paths towards the sustainable consumption of semantic data on the web},
  author={Hogan, Aidan and Gutierrez, Claudio},
  booktitle={{Alberto Mendelzon Workshop (AMW), Cartagena, Columbia}},
  series    = {{CEUR} Workshop Proceedings},
  publisher = {CEUR-WS.org},
  volume={1189},
  year={2014}
}
