@misc{graphstore,
author = {Ogbuji, Chimezie},
title = {{SPARQL 1.1 Graph Store HTTP Protocol}},
howpublished = {\url{http://www.w3.org/TR/2011/WD-sparql11-http-rdf-update-20110512/}},
year = {2011}
}

@misc{atompub,
author = {J. Gregorio and B. de hOra},
title = {{The Atom Publishing Protocol}},
howpublished = {\url{http://www.ietf.org/rfc/rfc5023}},
year = {2007}
}
