@article{Fisher_1926, 
title={The arrangement of field experiments}, 
volume={33}, 
url={http://digital.library.adelaide.edu.au/coll/special//fisher/48.pdf}, 
number={33}, 
journal={Journal of the Ministry of Agriculture of Great Britain}, 
publisher={Springer-Verlag}, 
author={Fisher, R A}, 
year={1926}, 
pages={503--513}
}