@misc{raul,
author = {Hausenblas, Michael and Umbrich, J\"urgen and Haller, Armin},
title = {{RAUL Vocabulary}},
howpublished = {\url{http://vocab.deri.ie/raul}},
year = {2011}
}

@INPROCEEDINGS{Alexander09describinglinked,
    author = {Keith Alexander and Michael Hausenblas},
    title = {Describing linked datasets - on the design and usage of void, the â€™vocabulary of interlinked datasets},
    booktitle = {In Linked Data on the Web Workshop (LDOW 09), in conjunction with 18th International World Wide Web Conference (WWW 09)},
    year = {2009}
}