@misc{sunsetonmvc,
author = {Gregg Caines},
title = {The Sun is Setting on Rails-style MVC Frameworks},
howpublished = {\url{http://caines.ca/blog/programming/the-sun-is-setting-on-rails-style-mvc-frameworks/}}
}