@inproceedings{dividino2013following,
  title={Which of the following SPARQL Queries are Similar? Why?},
  author={Dividino, Renata Queiroz and Gr{\"o}ner, Gerd},
  booktitle={CEUR Workshop Proceedings},
  volume={1057},
  year={2013}
}
