@misc{udhr,
author = {United Nations General Assembly},
title = {The Universal Declaration of Human Rights},
year = {1948},
howpublished = {\url{http://www.un.org/en/documents/udhr/}}
}

@article{naturewiki,
author = {Giles, Jim},
title = {Internet encyclopaedias go head to head},
journal = {Nature},
year = {2005},
volume = {438},
number = {7070}
}

@misc{netcraft,
author = {Netcraft},
title = {July 2012 Web Server Survey},
year = {2012},
howpublished = {\url{http://news.netcraft.com/archives/2012/07/03/july-2012-web-server-survey.html}}
}

@article{nytamazon,
author = {Stone, Brad},
title = {Amazon Erases Orwell Books From Kindle},
journal = {New York Times},
year = {2009},
howpublished = {\url{http://www.nytimes.com/2009/07/18/technology/companies/18amazon.html}}
}

@misc{ndswiki,
title = {NDS Group},
howpublished = {\url{http://en.wikipedia.org/wiki/NDS_Group}}
}

@article{nytamazon,
author = {Halliday, Josh},
title = {Phone hacking: 20 more alleged victims expected to sue News International},
journal = {The Guardian},
year = {2012},
howpublished = {\url{http://www.guardian.co.uk/media/2012/jun/22/phone-hacking-20-more-alleged-victimes-sue}}
}