@inproceedings{Duan:2011:AOC:1989323.1989340,
 author = {Duan, Songyun and Kementsietsidis, Anastasios and Srinivas, Kavitha and Udrea, Octavian},
 title = {Apples and oranges: a comparison of {RDF} benchmarks and real {RDF} datasets},
 booktitle = {Proc. of the 2011 Int. Conf. on Management of data},
 series = {SIGMOD '11},
 year = {2011},
 isbn = {978-1-4503-0661-4},
 location = {Athens, Greece},
 pages = {145--156},
 numpages = {12},
 url = {http://doi.acm.org/10.1145/1989323.1989340},
 doi = {http://doi.acm.org/10.1145/1989323.1989340},
 acmid = {1989340},
 publisher = {ACM},
 address = {New York, NY, USA},
 keywords = {RDF, benchmark},
}



@inproceedings{mxro:Morsey2011DBpedia,
    author = {Morsey, Mohamed and Lehmann, Jens and Auer, S\"{o}ren and Ngomo, Axel-Cyrille N.},
    booktitle = {10th International Semantic Web Conference (ISWC2011)},
    citeulike-article-id = {9976953},
    keywords = {0\_performance, 0\_semantic\_web},
    posted-at = {2011-11-01 22:21:05},
    priority = {2},
    title = {{{DBpedia} {SPARQL} Benchmark â€“ Performance
Assessment with Real Queries on Real Data}},
    year = {2011}
}

