

@inproceedings{sublima,
   author              = {Robert Engels and 
                          David Norheim},
   title               = {SUBLIMA: a Software Stack for Inter-operable Topic-Centred Information Portals.},
   booktitle           = {International Semantic Web Conference (Posters & Demos)},
   year                = {2008},
   ee                  = {http://ceur-ws.org/Vol-401/iswc2008pd_submission_7.pdf},
   crossref            = {2008},
}

