@inproceedings{hartig2011caching,
  title={How Caching Improves Efficiency and Result Completeness for Querying Linked Data.},
  author={Hartig, Olaf},
  booktitle={Proceedings of the 4th Linked Data on the Web (LDOW) Workshop at the World Wide Web Conference (WWW), Hyderabad, India},
  series    = {{CEUR} Workshop Proceedings},
  volume    = {813},
  publisher = {CEUR-WS.org},
  year={2011}
}

@inproceedings{papailiou2015graph,
  title={Graph-Aware, Workload-Adaptive SPARQL Query Caching},
  author={Papailiou, Nikolaos and Tsoumakos, Dimitrios and Karras, Panagiotis and Koziris, Nectarios},
  booktitle={Proceedings of the 2015 ACM SIGMOD International Conference on Management of Data},
  pages={1777--1792},
  year={2015},
  organization={ACM}
}
