@INPROCEEDINGS{1385469,
author={Li Ding and Lina Zhou and Finin, T. and Joshi, A.},
booktitle={System Sciences, 2005. HICSS '05. Proceedings of the 38th Annual Hawaii International Conference on},
title={How the Semantic Web is Being Used: An Analysis of FOAF Documents},
year={2005},
month={Jan},
pages={113c-113c},
keywords={Information analysis;Information systems;OWL;Ontologies;Outsourcing;Resource description framework;Semantic Web;Social network services;Text analysis;Vocabulary},
doi={10.1109/HICSS.2005.299},
ISSN={1530-1605},}

@INPROCEEDINGS{5767868,
author={T. Neumann and G. Moerkotte},
booktitle={2011 IEEE 27th International Conference on Data Engineering},
title={Characteristic sets: Accurate cardinality estimation for RDF queries with multiple joins},
year={2011},
pages={984-994},
keywords={data models;optimisation;public domain software;query processing;relational databases;RDF database;RDF query;RDF-3X;cardinality estimation;characteristic set;open source RDF;query optimization;relational DBMS;relational database;Accuracy;Books;Correlation;Estimation;Histograms;Resource description framework;Semantics},
doi={10.1109/ICDE.2011.5767868},
ISSN={1063-6382},
month={April},}