@inproceedings{DBLP:conf/semweb/BetzGHS12,
  author    = {Heiko Betz and
               Francis Gropengie{\ss}er and
               Katja Hose and
               Kai{-}Uwe Sattler},
  title     = {Learning from the History of Distributed Query Processing - {A} Heretic
               View on Linked Data Management},
  booktitle = {Proceedings of the Third International Workshop on Consuming Linked
               Data, {COLD} 2012, Boston, MA, USA, November 12, 2012},
  year      = {2012},
  crossref  = {DBLP:conf/semweb/2012cold},
  url       = {http://ceur-ws.org/Vol-905/BetzEtAl_COLD2012.pdf},
  timestamp = {Tue, 13 Nov 2012 18:10:25 +0100},
  biburl    = {http://dblp.uni-trier.de/rec/bib/conf/semweb/BetzGHS12},
  bibsource = {dblp computer science bibliography, http://dblp.org}
}

@proceedings{DBLP:conf/semweb/2012cold,
  editor    = {Juan Sequeda and
               Andreas Harth and
               Olaf Hartig},
  title     = {Proceedings of the Third International Workshop on Consuming Linked
               Data, {COLD} 2012, Boston, MA, USA, November 12, 2012},
  series    = {{CEUR} Workshop Proceedings},
  volume    = {905},
  publisher = {CEUR-WS.org},
  year      = {2012},
  url       = {http://ceur-ws.org/Vol-905},
  timestamp = {Tue, 13 Nov 2012 18:10:25 +0100},
  biburl    = {http://dblp.uni-trier.de/rec/bib/conf/semweb/2012cold},
  bibsource = {dblp computer science bibliography, http://dblp.org}
}

@article{Kossmann:2000:IDP:352958.352982,
 author = {Kossmann, Donald and Stocker, Konrad},
 title = {Iterative Dynamic Programming: A New Class of Query Optimization Algorithms},
 journal = {ACM Trans. Database Syst.},
 issue_date = {March 2000},
 volume = {25},
 number = {1},
 month = mar,
 year = {2000},
 issn = {0362-5915},
 pages = {43--82},
 numpages = {40},
 url = {http://doi.acm.org/10.1145/352958.352982},
 doi = {10.1145/352958.352982},
 acmid = {352982},
 publisher = {ACM},
 address = {New York, NY, USA},
 keywords = {dynamic programming, greedy algorithm, iterative dynamic programming, plan evaluation function, query optimization, randomized optimization},
} 

@inproceedings{Ferrari:1987:EIL:647412.725013,
 author = {Ferrari, Domenico and Zhou, Songnian},
 title = {An Empirical Investigation of Load Indices for Load Balancing Applications},
 booktitle = {Proceedings of the 12th IFIP WG 7.3 International Symposium on Computer Performance Modelling, Measurement and Evaluation},
 series = {Performance '87},
 year = {1988},
 isbn = {0-444-70347-0},
 pages = {515--528},
 numpages = {14},
 url = {http://dl.acm.org/citation.cfm?id=647412.725013},
 acmid = {725013},
 publisher = {North-Holland Publishing Co.},
 address = {Amsterdam, The Netherlands, The Netherlands},
} 