@TechReport{avinatguide,
  author =       {Abraham Bernstein and Natasha Noy},
  title =        {Is This Really Science? The Semantic Webber’s Guide to Evaluating Research Contributions},
  institution =  {University of Zürich},
  year =         {2014},
  OPTkey =       {},
  OPTtype =      {},
  OPTnumber =    {},
  OPTaddress =   {},
  OPTmonth =     {},
  OPTnote =      {},
  OPTannote =    {}
}

@Book{chalmers1999whatis,
  title={What Is This Thing Called Science},
  author={Chalmers, Alan F},
  year={1999},
  publisher={Open University Press, and University of Queensland Press}
}

@InCollection{sep-scientific-objectivity,
	author       =	{Reiss, Julian and Sprenger, Jan},
	title        =	{Scientific Objectivity},
	booktitle    =	{The Stanford Encyclopedia of Philosophy},
	editor       =	{Edward N. Zalta},
	howpublished =	{\url{http://plato.stanford.edu/archives/sum2016/entries/scientific-objectivity/}},
	year         =	{2016},
	edition      =	{Summer 2016},
}