@book{kiczales1991art,
  title={The art of the metaobject protocol},
  author={Kiczales, Gregor and Des Rivieres, Jim and Bobrow, Daniel Gureasko},
  year={1991},
  publisher={MIT press}
}
