@article{berners2001semantic,
  title={The semantic web},
  author={Berners-Lee, Tim and Hendler, James and Lassila, Ora and others},
  journal={Scientific american},
  volume={284},
  number={5},
  pages={28--37},
  year={2001},
  publisher={New York, NY, USA:}
}

@phdthesis{hartig2014querying,
  title={Querying a Web of Linked Data},
  author={Hartig, Olaf},
  year={2014},
  school={Humboldt-Universit{\"a}t zu Berlin}
}

@article{acosta2014shepherd,
  title={SHEPHERD: A shipping-based query processor to enhance SPARQL endpoint performance},
  author={Acosta, Maribel and Vidal, M and Fl{\"o}ck, Fabian and Castillo, Sim{\'o}n and Aranda, CB and Harth, Andreas},
  journal={Proc. International Semantic Web Conference, ISWC, Posters \& Demonstrations Track},
  pages={453--456},
  year={2014}
}
