@article{dehghanzadehcombining,
  title={On Combining RDF Streams and Remotely Stored Background Data},
  author={Dehghanzadeh, Soheila and Dellâ€™Aglio, Daniele and Gao, Shen and Della Valle, Emanuele and Mileo, Alessandra and Bernstein, Abraham}
}
